@misc{angelidis2017multiple,
    title={Multiple Instance Learning Networks for Fine-Grained Sentiment Analysis},
    author={Stefanos Angelidis and Mirella Lapata},
    year={2017},
    eprint={1711.09645},
    archivePrefix={arXiv},
    primaryClass={cs.CL}
}

@article{Dang_2020,
   title={Sentiment Analysis Based on Deep Learning: A Comparative Study},
   volume={9},
   ISSN={2079-9292},
   url={http://dx.doi.org/10.3390/electronics9030483},
   DOI={10.3390/electronics9030483},
   number={3},
   journal={Electronics},
   publisher={MDPI AG},
   author={Dang, Nhan Cach and Moreno-García, María N. and De la Prieta, Fernando},
   year={2020},
   month={Mar},
   pages={483}
}

﻿@Article{Mie2017,
author={Mie, Axel
and Andersen, Helle Raun
and Gunnarsson, Stefan
and Kahl, Johannes
and Kesse-Guyot, Emmanuelle
and Rembia{\l}kowska, Ewa
and Quaglio, Gianluca
and Grandjean, Philippe},
title={Human health implications of organic food and organic agriculture: a comprehensive review},
journal={Environmental Health},
year={2017},
month={Oct},
day={27},
volume={16},
number={1},
pages={111},
issn={1476-069X},
doi={10.1186/s12940-017-0315-4},
url={https://doi.org/10.1186/s12940-017-0315-4}
}

@article{healthyNutritiousFood,
title = {Healthy food is nutritious, but organic food is healthy because it is pure: The negotiation of healthy food choices by Danish consumers of organic food},
author = {Ditlevsen, K. and Sandoe, P. and Lassen, J.},
year = {2019},
journal = {Food Quality and Preference},
volume = {71},
pages = {46-53},
howpublished = "\url{https://eurekamag.com/research/066/374/066374091.php}"
}	

@misc{goldberg2015primer,
    title={A Primer on Neural Network Models for Natural Language Processing},
    author={Yoav Goldberg},
    year={2015},
    eprint={1510.00726},
    archivePrefix={arXiv},
    primaryClass={cs.CL}
}

@book{jurafskyBook,
  author    = {Dan Jurafsky and James H. Martin }, 
  title     = {An Introduction to Natural Language Processing,Computational Linguistics, and Speech Recognition},
  year      = 2019,
  edition   = 3
}

@misc{devlin2018bert,
    title={BERT: Pre-training of Deep Bidirectional Transformers for Language Understanding},
    author={Jacob Devlin and Ming-Wei Chang and Kenton Lee and Kristina Toutanova},
    year={2018},
    eprint={1810.04805},
    archivePrefix={arXiv},
    primaryClass={cs.CL}
}

@misc{liu2019roberta,
    title={RoBERTa: A Robustly Optimized BERT Pretraining Approach},
    author={Yinhan Liu and Myle Ott and Naman Goyal and Jingfei Du and Mandar Joshi and Danqi Chen and Omer Levy and Mike Lewis and Luke Zettlemoyer and Veselin Stoyanov},
    year={2019},
    eprint={1907.11692},
    archivePrefix={arXiv},
    primaryClass={cs.CL}
}

@misc{rckl2018concatenated,
    title={Concatenated Power Mean Word Embeddings as Universal Cross-Lingual Sentence Representations},
    author={Andreas Rücklé and Steffen Eger and Maxime Peyrard and Iryna Gurevych},
    year={2018},
    eprint={1803.01400},
    archivePrefix={arXiv},
    primaryClass={cs.CL}
}

@article{NLTKarticle,
author = {Loper, Edward and Bird, Steven},
year = {2002},
month = {07},
pages = {},
title = {NLTK: the Natural Language Toolkit},
volume = {cs.CL/0205028},
journal = {CoRR},
doi = {10.3115/1118108.1118117}
}

@article{sentiWordnet,
author = {Baccianella, Stefano and Esuli, Andrea and Sebastiani, Fabrizio},
year = {2010},
month = {01},
pages = {},
title = {SentiWordNet 3.0: An Enhanced Lexical Resource for Sentiment Analysis and Opinion Mining.},
volume = {10},
journal = {Proceedings of LREC}
}
@article{VADERarticle,
author = {Hutto, C.J. and Gilbert, Eric},
year = {2015},
month = {01},
pages = {},
title = {VADER: A Parsimonious Rule-based Model for Sentiment Analysis of Social Media Text},
journal = {Proceedings of the 8th International Conference on Weblogs and Social Media, ICWSM 2014}
}

@misc{textblob,
    author = {Loria, Steven},
    title = {Simplified Text Processing},
    howpublished = {\url{https://textblob.readthedocs.io/en/dev/}},
    note = {Online; accessed 15 July 2020} ,
    year=2020
}